<?xml version="1.0" encoding="UTF-8"?><record xmlns="http://www.loc.gov/MARC21/slim" xmlns:cinclude="http://apache.org/cocoon/include/1.0" xmlns:zs="http://www.loc.gov/zing/srw/">
  <leader>01309nz  a2200241n  4500</leader>
  <controlfield tag="001">n  92008187 </controlfield>
  <controlfield tag="003">DLC</controlfield>
  <controlfield tag="005">19920125113738.2</controlfield>
  <controlfield tag="008">920125n| acaaaaaa|          |a ana |||  </controlfield>
  <datafield tag="010" ind1=" " ind2=" ">
    <subfield code="a">n  92008187 </subfield>
  </datafield>
  <datafield tag="040" ind1=" " ind2=" ">
    <subfield code="a">DLC</subfield>
    <subfield code="c">DLC</subfield>
  </datafield>
  <datafield tag="130" ind1=" " ind2="0">
    <subfield code="a">Colección Quinto centenario.</subfield>
    <subfield code="p">Serie Documentos</subfield>
  </datafield>
  <datafield tag="410" ind1="2" ind2="0">
    <subfield code="a">Comisión Dominicana Permanente para la Celebración del Quinto Centenario del Descubrimiento y Evangelización de América.</subfield>
    <subfield code="t">Colección Quinto centenario.</subfield>
    <subfield code="p">Serie Documentos</subfield>
  </datafield>
  <datafield tag="430" ind1=" " ind2="0">
    <subfield code="a">Quinto centenario.</subfield>
    <subfield code="p">Serie Documentos</subfield>
  </datafield>
  <datafield tag="430" ind1=" " ind2="0">
    <subfield code="a">Serie Documentos (Comisión Dominicana Permanente para la Celebración del Quinto Centenario del Descubrimiento y Evangelización de América)</subfield>
  </datafield>
  <datafield tag="430" ind1=" " ind2="0">
    <subfield code="a">Documentos (Comisión Dominicana Permanente para la Celebración del Quinto Centenario del Descubrimiento y Evangelización de América)</subfield>
  </datafield>
  <datafield tag="642" ind1=" " ind2=" ">
    <subfield code="a">2</subfield>
    <subfield code="5">DLC</subfield>
  </datafield>
  <datafield tag="643" ind1=" " ind2=" ">
    <subfield code="a">Santo Domingo, República Dominicana</subfield>
    <subfield code="b">Comisión Dominicana Permanente para la Celebración del Quinto Centenario del Descubrimiento y Evangelización de América</subfield>
  </datafield>
  <datafield tag="644" ind1=" " ind2=" ">
    <subfield code="a">f</subfield>
    <subfield code="5">DLC</subfield>
  </datafield>
  <datafield tag="645" ind1=" " ind2=" ">
    <subfield code="a">t</subfield>
    <subfield code="5">DLC</subfield>
  </datafield>
  <datafield tag="646" ind1=" " ind2=" ">
    <subfield code="a">s</subfield>
    <subfield code="5">DLC</subfield>
  </datafield>
  <datafield tag="667" ind1=" " ind2=" ">
    <subfield code="a">Document</subfield>
  </datafield>
  <datafield tag="670" ind1=" " ind2=" ">
    <subfield code="a">Catholic Church. Conferencia del Episcopado Dominicana. Documentos de la Conferencia ... 1990:</subfield>
    <subfield code="b">verso t.p. (Colección Quinto centenario. Serie Documentos)</subfield>
  </datafield>
</record>